@article{Hirsch2007,
author = {Hirsch, J. E.},
doi = {10.1073/pnas.0707962104},
journal = {Proceedings of the National Academy of Sciences},
number = {49},
pages = {19193--19198},
pmid = {18040045},
title = {{Does the h index have predictive power?}},
url = {http://www.pnas.org/cgi/doi/10.1073/pnas.0707962104},
volume = {104},
year = {2007}
}
@article{Bar-Ilan2008,
author = {Bar-Ilan, Judit},
doi = {10.1007/s11192-008-0216-y},
journal = {Scientometrics},
number = {2},
pages = {257--271},
pmid = {16805916},
title = {{Which h-index? - A comparison of WoS, Scopus and Google Scholar}},
volume = {74},
year = {2008}
}
@article{Bornmann2005,
author = {Bornmann, Lutz and Daniel, Hans Dieter},
doi = {10.1007/s11192-005-0281-4},
journal = {Scientometrics},
number = {3},
pages = {391--392},
title = {{Does the h-index for ranking of scientists really work?}},
volume = {65},
year = {2005}
}
@article{Martins2009,
author = {Martins, Waister Silva and Gon{\c{c}}alves, Marcos Andr{\'{e}} and Laender, Alberto H.F. and Pappa, Gisele L.},
doi = {10.1145/1555400.1555431},
isbn = {978-1-60558-322-8},
issn = {15525996},
journal = {Proceedings of the 9th ACM/IEEE-CS Joint Conference on Digital Libraries},
pages = {193--202},
title = {{Learning to assess the quality of scientific conferences: a case study in computer science}},
url = {http://portal.acm.org/citation.cfm?id=1555400.1555431},
year = {2009}
}
@inproceedings{Ribas2015a,
author = {Ribas, Sabir and Ribeiro-Neto, Berthier and de Souza e Silva, Edmundo and Ueda, Alberto Hideki and Ziviani, Nivio},
title = {Using Reference Groups to Assess Academic Productivity in Computer Science},
booktitle = {Proceedings of the 24th International Conference on World Wide Web},
series = {WWW '15 Companion},
year = {2015},
isbn = {978-1-4503-3473-0},
location = {Florence, Italy},
pages = {603--608},
numpages = {6},
url = {http://doi.acm.org/10.1145/2740908.2741735},
doi = {10.1145/2740908.2741735},
acmid = {2741735},
publisher = {ACM},
address = {New York, NY, USA},
} 
@article{Sorensen2009,
author = {Sorensen, Aaron A.},
doi = {10.3233/JAD-2009-1046},
isbn = {1387-2877 (Print)},
issn = {13872877},
journal = {Journal of Alzheimer's Disease},
number = {3},
pages = {451--465},
pmid = {19221406},
title = {{Alzheimer's disease research: Scientific productivity and impact of the top 100 investigators in the field}},
volume = {16},
year = {2009}
}
@article{Hirsch2005,
author = {Hirsch, J. E.},
doi = {10.1073/pnas.0507655102},
journal = {Proceedings of the National Academy of Sciences},
number = {46},
pages = {16569--16572},
pmid = {16275915},
primaryClass = {physics},
title = {{An index to quantify an individual's scientific research output}},
url = {http://arxiv.org/abs/physics/0508025{\%}0Ahttp://dx.doi.org/10.1073/pnas.0507655102 http://www.pnas.org/cgi/doi/10.1073/pnas.0507655102},
volume = {102},
year = {2005}
}
@article{Saha2003,
author = {Saha, Somnath and Saint, Sanjay and Christakis, Dimitri A.},
title = {{Impact factor: a valid measure of journal quality?}},
journal = {Journal of the Medical Library Association},
volume = {91},
number = {1},
pages = {42--46},
pmid = {12572533},
year = {2003}
}
@article{Loach2015,
author    = {Tamar V. Loach and Tim S. Evans},
title     = {Ranking Journals Using Altmetrics},
journal   = {CoRR},
volume    = {abs/1507.00451},
year      = {2015},
url       = {http://arxiv.org/abs/1507.00451},
archivePrefix = {arXiv},
eprint    = {1507.00451},
timestamp = {Mon, 28 Aug 2017 20:59:28 +0200},
biburl    = {https://dblp.org/rec/bib/journals/corr/LoachE15},
bibsource = {dblp computer science bibliography, https://dblp.org}
}
@article{Nelakuditi2011,
author = {Nelakuditi, Srihari and Gray, Chase and Choudhury, Romit R},
doi = {10.1145/2016598.2016602},
issn = {1559-1662},
journal = {ACM SIGMOBILE Mobile Computing and Communications Review},
keywords = {bibliometrics,citations,research},
number = {2},
pages = {20--23},
title = {{Snap judgement of publication quality: how to convince a dean that you are a good researcher}},
url = {http://dx.doi.org/10.1145/2016598.2016602},
volume = {15},
year = {2011}
}
@article{Balaban2012,
author = {Balaban, Alexandru T.},
doi = {10.1007/s11192-012-0637-5},
journal = {Scientometrics},
number = {2},
pages = {241--247},
title = {{Positive and negative aspects of citation indices and journal impact factors}},
volume = {92},
year = {2012}
}
@article{Wendl2007,
author = {Wendl, Michael C.},
doi = {10.1038/449403b},
journal = {Nature},
number = {7161},
pages = {403},
pmid = {17898746},
title = {{H-index: However ranked, citations need context}},
volume = {449},
year = {2007}
}
@article{Yan2011a,
author = {Yan, Erjia and Ding, Ying and Sugimoto, Cassidy R.},
doi = {10.1002/asi.21461},
journal = {Journal of the American Society for Information Science and Technology},
number = {3},
pages = {467--477},
pmid = {502955140},
title = {{P-Rank: An indicator measuring prestige in heterogeneous scholarly networks}},
volume = {62},
year = {2011}
}
@article{Egghe2008,
author = {Egghe, Leo},
doi = {10.1002/asi},
journal = {Journal of the American Society for Information Science and Technology},
number = {8},
pages = {1304--1312},
pmid = {502955140},
title = {{The Influence of Transformations on the h-Index and the g-Index}},
volume = {59},
year = {2008}
}
@article{Balog2012,
author = {Balog, Krisztian},
doi = {10.1561/1500000024},
isbn = {9781601985668},
issn = {1554-0669},
journal = {Foundations and Trends{\textregistered} in Information Retrieval},
number = {2-3},
pages = {127--256},
title = {{Expertise Retrieval}},
url = {http://www.nowpublishers.com/article/Details/INR-024},
volume = {6},
year = {2012}
}
@article{Piwowar2013,
author = {Piwowar, Heather A.},
doi = {10.1038/493159a},
journal = {Nature},
number = {7431},
pages = {159},
pmid = {23302843},
title = {{Value all research products}},
url = {http://www.nature.com/nature/journal/v493/n7431/pdf/493159a.pdf},
volume = {493},
year = {2013}
}
@article{Wu2009,
author = {Wu, Hao and Pei, Yijian and Yu, Jiang},
doi = {10.1007/s11704-009-0038-y},
isbn = {1673-7350},
issn = {16737350},
journal = {Frontiers of Computer Science in China},
number = {4},
pages = {445--456},
title = {{Detecting academic experts by topic-sensitive link analysis}},
volume = {3},
year = {2009}
}
@article{Ding2011,
author = {Ding, Ying and Cronin, Blaise},
doi = {10.1016/j.ipm.2010.01.002},
journal = {Information Processing and Management},
number = {1},
pages = {80--96},
title = {{Popular and/or prestigious? Measures of scholarly esteem}},
volume = {47},
year = {2011}
}
@article{Deng2012,
author = {Deng, Hongbo and Han, Jiawei and Lyu, Michael R and King, Irwin},
doi = {10.1145/2232817.2232833},
isbn = {9781450311540},
issn = {15525996},
journal = {Proceedings of the ACM/IEEE Joint Conference on Digital Libraries},
pages = {71--80},
title = {{Modeling and Exploiting Heterogeneous Bibliographic Networks for Expertise Ranking}},
year = {2012}
}
@article{Riikonen2008,
author = {Riikonen, Pentti and Vihinen, Mauno},
doi = {10.1007/s11192-007-1962-y},
issn = {01389130},
journal = {Scientometrics},
number = {2},
pages = {207--222},
title = {{National research contributions: A case study on Finnish biomedical research}},
volume = {77},
year = {2008}
}
@inproceedings{Nane2012,
 author={Nane, Tina},
 title={Time to First Citation Estimation in the Presence of Additional Information},
 booktitle = {Proceedings of the 15th International Society of Scientometrics and Informetrics Conference},
 year = {2015},
 location = {Istanbul, Turkey},
 isbn = {9789755183817},
 issn = {21751935},
 pages = {249--260},
 url = {https://pdfs.semanticscholar.org/7184/4ff1245196fe86d8fe7a0ad383b4a82d3ac2.pdf}
}
@article{Braun2006,
author = {Braun, Tibor and Gl{\"{a}}nzel, Wolfgang and Schubert, Andr{\'{a}}s},
doi = {10.1007/s11192-006-0147-4},
journal = {Scientometrics},
number = {1},
pages = {169--173},
title = {{A Hirsch-type index for journals}},
url = {http://link.springer.com/10.1007/s11192-006-0147-4},
volume = {69},
year = {2006}
}
@article{Pinski1976,
author = {Pinski, Gabriel and Narin, Francis},
doi = {10.1016/0306-4573(76)90048-0},
journal = {Information Processing and Management},
number = {5},
pages = {297--312},
title = {{Citation influence for journal aggregates of scientific publications: Theory, with application to the literature of physics}},
volume = {12},
year = {1976}
}
@article{Nature2016,
author = {Nature},
doi = {10.1038/468476a},
issn = {1476-4687},
journal = {Nature},
number = {7613},
pmid = {21107382},
title = {{Time to remodel the journal impact factor}},
volume = {535},
pages = {466},
year = {2016}
}
@book{Newman2010,
author = {Newman, Mark},
doi = {10.1093/acprof:oso/9780199206650.001.0001},
isbn = {9780199206650},
publisher = {Oxford University Press},
title = {{Networks: An Introduction}},
url = {http://www.oxfordscholarship.com/view/10.1093/acprof:oso/9780199206650.001.0001/acprof-9780199206650},
year = {2010}
}
@article{Bornmann2011,
author = {Bornmann, Lutz and Marx, Werner},
issn = {02583127 (ISSN)},
journal = {European Science Editing},
number = {3},
pages = {77--80},
title = {{The h-index as a research performance indicator}},
volume = {37},
year = {2011}
}
@article{Egghe2006,
author = {Egghe, Leo},
doi = {10.1007/s11192-006-0144-7},
journal = {Scientometrics},
number = {1},
pages = {131--152},
title = {{Theory and practise of the g -index}},
volume = {69},
year = {2006}
}
@inproceedings{Ribas2015,
 author = {Ribas, Sabir and Ribeiro-Neto, Berthier and Santos, Rodrygo L.T. and de Souza e Silva, Edmundo and Ueda, Alberto and Ziviani, Nivio},
 title = {Random Walks on the Reputation Graph},
 booktitle = {Proceedings of the 2015 International Conference on The Theory of Information Retrieval},
 series = {ICTIR '15},
 year = {2015},
 isbn = {978-1-4503-3833-2},
 location = {Northampton, Massachusetts, USA},
 pages = {181--190},
 numpages = {10},
 url = {http://doi.acm.org/10.1145/2808194.2809462},
 doi = {10.1145/2808194.2809462},
 acmid = {2809462},
 publisher = {ACM},
 address = {New York, NY, USA},
} 
@article{Benevenuto2016,
author = {Benevenuto, Fabr{\'{i}}cio and Laender, Alberto H.F. and Alves, Bruno L.},
doi = {10.1007/s11192-015-1776-2},
isbn = {5531340958},
issn = {15882861},
journal = {Scientometrics},
number = {1},
pages = {469--474},
title = {{The H-index paradox: your coauthors have a higher H-index than you do}},
volume = {106},
year = {2016}
}
@article{Thomson2017,
author = {Ahmed, Kamal Mohamed},
title = {{Thomson Reuters Impact Factor 2017}},
url = {https://www.researchgate.net/publication/320015640_Thomson_Reuters_Impact_factor_2017},
year = {2017}
}
@article{Brin1998,
author = {Brin, S and Page, L},
doi = {10.1016/S0169-7552(98)00110-X},
journal = {Computer Networks and ISDN Systems},
number = {1-7},
pages = {107--117},
pmid = {726238533241861127},
title = {{The anatomy of a large scale hypertextual Web search engine}},
volume = {30},
year = {1998}
}
@article{Chen2010,
author = {Chen, Jilin and Konstan, Joseph A.},
doi = {10.1145/1743546.1743569},
journal = {Communications of the ACM},
number = {6},
pages = {79--83},
title = {{Conference paper selectivity and impact}},
url = {http://portal.acm.org/citation.cfm?doid=1743546.1743569},
volume = {53},
year = {2010}
}
@article{Garfield1955a,
author = {Garfield, Eugene},
journal = {Science},
pages = {108--111},
title = {{Citation Indexes for Science}},
volume = {122},
number = {3159},
year = {1955}
}
@article{Bollen2006,
author = {Bollen, Johan and Rodriquez, Marko A. and {Van de Sompel}, Herbert},
doi = {10.1007/s11192-006-0176-z},
issn = {0138-9130},
journal = {Scientometrics},
number = {3},
pages = {669--687},
title = {{Journal status}},
url = {http://www.arxiv.org/PS{\_}cache/cs/pdf/0601/0601030v1.pdf http://link.springer.com/10.1007/s11192-006-0176-z},
volume = {69},
year = {2006}
}
@article{Rossner2007,
author = {Rossner, Mike and {Van Epps}, Heather and Hill, Emma},
doi = {10.1083/jcb.200711140},
journal = {The Journal of Cell Biology},
number = {6},
pages = {1091--1092},
pmid = {27144720},
title = {{Show me the data}},
url = {http://www.jcb.org/lookup/doi/10.1083/jcb.200711140},
volume = {179},
year = {2007}
}
@article{Gollapalli2011,
author = {Gollapalli, Sujatha Das and Mitra, Prasenjit and Giles, C. Lee},
doi = {10.1145/1998076.1998123},
isbn = {9781450307444},
issn = {15525996},
journal = {Proceeding of the 11th annual international ACM/IEEE joint conference on Digital libraries - JCDL '11},
pages = {251},
title = {{Ranking authors in digital libraries}},
url = {http://portal.acm.org/citation.cfm?doid=1998076.1998123{\%}5Cnhttp://dl.acm.org/citation.cfm?id=1998123{\%}5Cnhttp://portal.acm.org/citation.cfm?doid=1998076.1998123},
year = {2011}
}
@article{Leydesdorff2009,
author = {Leydesdorff, Loet},
doi = {10.1002/asi.21024},
isbn = {9783848215430},
issn = {15322882},
journal = {Journal of the American Society for Information Science and Technology},
number = {7},
pages = {1327--1336},
pmid = {502955140},
title = {{How are new citation-based journal indicators adding to the bibliometric toolbox?}},
volume = {60},
year = {2009}
}
@article{Goncalves2014,
author = {Gon{\c{c}}alves, Glauber D and Figueiredo, Flavio and Almeida, Jussara M and Gon{\c{c}}alves, Marcos A},
isbn = {9781479955695},
journal = {Proceedings of the 14th ACM/IEEE-CS Joint Conference on Digital Libraries},
pages = {57--66},
title = {{Characterizing scholar popularity: a case study in the computer science research community}},
year = {2014}
}
@inproceedings{Sun2007,
author = {Sun, Yang and Giles, C. Lee},
title = {Popularity Weighted Ranking for Academic Digital Libraries},
booktitle = {Proceedings of the 29th European Conference on IR Research},
series = {ECIR'07},
year = {2007},
isbn = {978-3-540-71494-1},
location = {Rome, Italy},
pages = {605--612},
numpages = {8},
url = {http://dl.acm.org/citation.cfm?id=1763653.1763726},
acmid = {1763726},
publisher = {Springer-Verlag},
address = {Berlin, Heidelberg},
}
@book{Langville2008,
author = {Langville, Amy N. and Meyer, Carl D.},
doi = {10.1007/BF02985759},
isbn = {9781902902371},
issn = {0343-6993},
publisher = {Princeton University Press},
title = {{Google's pagerank and beyond: The science of search engine rankings}},
year = {2006}
}
@book{Kendall1955,
author = {Kendall, Maurice George},
doi = {10.1007/978-1-4684-6683-6_9},
isbn = {9781468466836},
publisher = {Hafner Publishing Company},
title = {{Rank Correlation Methods (2nd ed.)}},
year = {1955}
}
@book{Baeza-Yates2011,
author = {Baeza-Yates, Ricardo and Ribeiro-Neto, Berthier},
isbn = {9780321416919},
publisher = {Addison-Wesley Publishing Company},
title = {{Modern Information Retrieval: the Concepts and Technology Behind Search (2nd ed.)}},
year = {2011}
}
@article{Hoonlor2013,
author = {Hoonlor, Apirak and Szymanski, Boleslaw K. and Zaki, Mohammed J.},
doi = {10.1145/2500892},
journal = {Communications of the ACM},
number = {10},
pages = {74--83},
title = {{Trends in Computer Science Research}},
volume = {56},
url = {https://cacm.acm.org/magazines/2013/10/168170-trends-in-computer-science-research/fulltext},
year = {2013}
}
@article{Kellner2008,
author = {Kellner, Alexander W. A. and Ponciano, Luiza C. M. O.},
doi = {10.1590/S0001-37652008000400016},
journal = {Anais da Academia Brasileira de Ciências},
number = {4},
pages = {771--781},
title = {{H-index in the Brazilian Academy of Sciences - comments and concerns}},
volume = {80},
year = {2008}
}
