@article{west2013author,
  title={Author-level Eigenfactor metrics: Evaluating the influence of authors, institutions, and countries within the social science research network community},
  author={West, Jevin D and Jensen, Michael C and Dandrea, Ralph J and Gordon, Gregory J and Bergstrom, Carl T},
  journal={Journal of the American Society for Information Science and Technology},
  volume={64},
  number={4},
  pages={787--801},
  year={2013},
  publisher={Wiley Online Library}
}
@article{balog2012ftir,
	year = 2012,
	volume = {6},
	number = {2-3},
	pages = {127--256},
	author = {Krisztian Balog},
	title = {Expertise Retrieval},
	journal = {Found. Trends Inf. Retr.}
}
@article{hutton2001prr,
	year = 2001,
	volume = {27},
	number = {3},
	pages = {247--261},
	author = {James G Hutton and Michael B Goodman and Jill B Alexander and Christina M Genest},
	title = {Reputation management: the new face of corporate public relations?},
	journal = {Pub. Rel. Rev.}
}
@article{bar-ilan2007,
  author    = {J. Bar-Ilan},
  title     = {Which h-index? - A comparison of WoS, Scopus and Google
               Scholar},
  journal   = {Scientometrics},
  volume    = {74},
  number    = {2},
  year      = {2008},
  pages     = {257-271},
}
@article{vardi2009,
 author = {Vardi, M.},
 title = {Conferences vs. journals in computing research},
 journal = {Commun. ACM},
 volume = {52},
 number = {5},
 year = {2009},
 pages = {5--5},
} 
@article{fcsc2010, 
 author = {J. Freyne and L. Coyle and B. Smyth and P. Cunningham},
 title = {Relative status of journal and conference publications in computer science},
 journal = {Commun. ACM},
 volume = {53},
 number = {11},
 year = {2010},
 pages = {124--132},
} 
@article{sutter@cacm12,
   author = "B. de Sutter and A. van den Oord",
   title = "To Be or Not To Be Cited in Computer Science",
   year = "2012",
   journal = "Commun. ACM",
   volume = "55",
   number = "8",
   pages = "69--75"
}
@book{Newman-book,
        Author = {M. Newman},
        Publisher = {Oxford University Press},
        Title = {Networks: An Introduction},
        Year = {2010}
}
@book{Meyer-pagerank06,
   Author = "A. LangVille and C. Meyer",
   Title = {Google's PageRank and Beyond: The Science of Search Engine Rankings},
   Publisher = {Princeton University Press},
   Year = {2006}
}
@article{GTH85,
   author = "W. Grassmann and M. Taksar and D. Heyman",
   title = "Regenerative analysis and steady state distributions for {Markov} chains",
   year = "1985",
   journal = "Op. Res.",
   volume = "33",
   number = "5",
   pages = "1107-1116"
}
@article{meyer89,
        author =        "C.D. Meyer",
        year =          "1989",
        journal =       "SIAM Review",
        number =        "2",
        pages =         "240--272",
        title =         "Stochastic complementation, uncoupling {Markov} chains, and the theory of nearly reducible systems",
        volume =        "31"
}
@article{jarvelin@tois02,
  author    = {Kalervo J{\"{a}}rvelin and
               Jaana Kek{\"{a}}l{\"{a}}inen},
  title     = {Cumulated gain-based evaluation of {IR} techniques},
  journal   = {ACM Trans. Inf. Syst.},
  volume    = {20},
  number    = {4},
  pages     = {422--446},
  year      = {2002},
}
@book{DBLP:books/aw/Baeza-YatesR2011,
  author    = {R. Baeza-Yates and B. Ribeiro-Neto},
  title     = {Modern Information Retrieval},
  publisher = {Pearson},
  year      = {2011},
}
@article{laender2008, 
  author    = {Alberto H. F. Laender and
               Carlos Jos{\'e} Pereira de Lucena and
               Jos{\'e} Carlos Maldonado and
               Edmundo de Souza e Silva and
               Nivio Ziviani},
  title     = {Assessing the research and education quality of the top brazilian computer science graduate programs},
  journal   = {ACM SIGCSE Bulletin},
  volume    = {40},
  number    = {2},
  year      = {2008},
  pages     = {135-145},
}
@inproceedings{gollapalli2011ranking,
  title={Ranking authors in digital libraries},
  author={Gollapalli, Sujatha Das and Mitra, Prasenjit and Giles, C Lee},
  booktitle={Proc. of JCDL},
  pages={251--254},
  year={2011},
}
@inproceedings{zhou2007co,
  title={Co-ranking authors and documents in a heterogeneous network},
  author={Zhou, Ding and Orshanskiy, Sergey A and Zha, Hongyuan and Giles, C Lee},
  booktitle={Proc. of ICDM},
  pages={739--744},
  year={2007},
}
@book{sun2007popularity,
  title={Popularity weighted ranking for academic digital libraries},
  author={Sun, Yang and Giles, C Lee},
  year={2007},
  publisher={Springer}
}
@inproceedings{sayyadi2009futurerank,
  title={FutureRank: Ranking Scientific Articles by Predicting their Future PageRank},
  author={Sayyadi, Hassan and Getoor, Lise},
  booktitle={Proc. of SDM},
  pages={533--544},
  year={2009}
}
@inproceedings{deng2012modeling,
  title={Modeling and exploiting heterogeneous bibliographic networks for expertise ranking},
  author={Deng, Hongbo and Han, Jiawei and Lyu, Michael R and King, Irwin},
  booktitle={Proc. of JCDL},
  pages={71--80},
  year={2012},
}
@article{yan2011p,
  title={P-Rank: An indicator measuring prestige in heterogeneous scholarly networks},
  author={Yan, Erjia and Ding, Ying and Sugimoto, Cassidy R},
  journal={J. Am. Soc. Inf. Sci. Technol.},
  volume={62},
  number={3},
  pages={467--477},
  year={2011},
}
@article{nelakuditi2011snap,
  title={Snap judgement of publication quality: how to convince a dean that you are a good researcher},
  author={Nelakuditi, Srihari and Gray, Chase and Choudhury, Romit Roy},
  journal={Mobile Computing and Commun. Review},
  volume={15},
  number={2},
  pages={20--23},
  year={2011},
}
@book{nrc-guide-2009, 
  author    = {Jeremiah P. Ostriker and
               Paul W. Holland and
         Charlote V. Kuh and
         James A. Voytuk, editors}, 
  title     = {A Guide to the Methodology of the National Research Council Assessment of Doctorate Programs}, 
  publisher = {The National Academies Press}, 
  year      = {2009}
}
@article{ding-2011,
  author    = {Ying Ding and
               Blaise Cronin},
  title     = {Popular and/or prestigious? Measures of scholarly esteem},
  journal   = {Information Processing \& Management},
  volume    = {47},
  number    = {1},
  pages     = {80--96},
  year      = {2011},
}
@inproceedings{goncalves2014,
  author    = {Glauber D. Gon{\c{c}}alves and
               Flavio Figueiredo and
               Jussara M. Almeida and
               Marcos Andr{\'{e}} Gon{\c{c}}alves},
  title     = {Characterizing scholar popularity: {A} case study in the Computer
               Science research community},
  booktitle = {Proc. of JCDL},
  pages     = {57--66},
  year      = {2014},
}
@article{egghe2006,
  author    = {Leo Egghe},
  title     = {Theory and practise of the \emph{g}-index},
  journal   = {Scientometrics},
  volume    = {69},
  number    = {1},
  pages     = {131--152},
  year      = {2006},
}
@article{egghe2008,
  author    = {Leo Egghe},
  title     = {The influence of transformations on the h-index and the g-index},
  journal   = {J. Am. Soc. Inf. Sci. Technol.},
  volume    = {59},
  number    = {8},
  pages     = {1304--1312},
  year      = {2008},
}
@article{Bollen:2008, 
  author    = {J. Bollen and
               M. Rodriguez and
               H. van de Sompel},
  title     = {Journal status},
  journal   = {Scientometrics},
  volume    = {69},
  number    = {3},
  year      = {2006},
  pages     = {669-687},
}
@inproceedings{u-multirank-2013, 
	author = {Public Policy Exchange}, 
	title = {The 5th Annual International Symposium on University Rankings and Quality Assurance 2013: 
		     Towards Comprehensive and Robust Global Ranking Systems}, 
	month = {April}, 
	year = {2013},
}
@inproceedings{Mann:2006,
 author = {G. Mann and D. Mimno and A. McCallum},
 title = {Bibliometric Impact Measures Leveraging Topic Analysis},
 booktitle = {Proc. of JCDL},
 year = {2006},
 pages = {65--74},
 numpages = {10},
}

@inproceedings{Zhuang:2007,
 author = {Zhuang, Z. and Elmacioglu, E. and Lee, D. and Giles, C.},
 title = {Measuring conference quality by mining program committee characteristics},
 booktitle = {Proc. of JCDL},
 year = {2007},
 pages = {225--234},
 numpages = {10},
}

@inproceedings{Yan:2007,
 author = {Yan, S. and Lee, D.},
 title = {Toward Alternative Measures for Ranking Venues: a Case of Database Research Community},
 booktitle = {Proc. of JCDL},
 year = {2007},
 pages = {235--244},
 numpages = {10},
}
@inproceedings{Shaparenko:2007,
 author = {Shaparenko, Benyah and Joachims, Thorsten},
 title = {Information genealogy: uncovering the flow of ideas in non-hyperlinked document databases},
 booktitle = {Proc. of SIGKDD},
 year = {2007},
 pages = {619--628},
} 
@inproceedings{He:2009,
 author = {He, Qi and Chen, Bi and Pei, Jian and Qiu, Baojun and Mitra, Prasenjit and Giles, Lee},
 title = {Detecting Topic Evolution in Scientific Literature: How Can Citations Help?},
 booktitle = {Proc. of CIKM},
 year = {2009},
 pages = {957--966},
} 
@book{haykin99, 
  title={Neural networks: a comprehensive foundation}, 
  author={Haykin, Simon S.},
  year={1999},
  publisher={Prentice Hall}
}
@book{bellis2009bibliometrics,
  title={Bibliometrics and Citation Analysis: From the Science Citation Index to Cybermetrics},
  author={Bellis, N.D.},
  year={2009},
  publisher={Scarecrow Press}
}
@article{saha2003,
  author    = {S. Saha and S. Saint and D. Christakis}, 
  title     = {Impact factor: a valid measure of journal quality?}, 
  journal   = {J. Med. Lib. Assoc.}, 
  year      = {2003},
  pages     = {42-46}, 
  volume    = {91}, 
  number    = {1}, 
}
@article{bollen2006,
  author    = {J. Bollen and M. Rodriguez and H. van de Sompel}, 
  title     = {Journal Status}, 
  journal   = {ArXiv Computer Science}, 
  year      = {2006},
}
@article{bollen2005toward,
  title={Toward Alternative Metrics of Journal Impact: A Comparison of Download and Citation Data},
  author={J. Bollen and H. van de Sompel and J. Smith and R. Luce},
  journal={Information Processing \& Management},
  volume={41},
  number={6},
  pages={1419--1440},
  year={2005},
}
@article{Katerattanakul2003,
  title={Objective quality rankings of computing journals},
  author={P. Katerattanakul and B. Han and S. Hong},
  journal={Commun. ACM},
  volume={45},
  year={2003}
}
@article{nerur2005assessing,
  title={Assessing the relative influence of journals in a citation network},
  author={Nerur, S. and Sikora, R. and Mangalaraj, G. and Balijepally, V.},
  journal={Commun. ACM},
  volume={48},
  number={11},
  pages={71--74},
  year={2005},
}
@inproceedings{larsen2006using,
  title={Using Citations for Ranking in Digital Libraries},
  author={Larsen, B. and Ingwersen, P.},
  booktitle={Proc. of JCDL},
  pages={370--370},
  year={2006},
}
@article{rahm2005citation,
  title={Citation analysis of database publications},
  author={Rahm, E. and Thor, A.},
  journal={ACM Sigmod Record},
  volume={34},
  number={4},
  pages={48--53},
  year={2005},
}
@misc{usna,
	author = {U.S. National Academies},
	title = {Assessment of Research Doctorate Programs},
	year = {2012},
	url = {http://sites.nationalacademies. org/pga/Resdoc/index.htm}
}
@misc{dblp,
	author = {Michael Ley}, 
	title = "{DBLP Computer Science Bibliography}", 
	url = "{http://www.informatik.uni-trier.de/$\sim$ley/db/}"
}
@inproceedings{ley@spire02,
  author    = {Michael Ley},
  title     = {The DBLP Computer Science Bibliography: Evolution, Research Issues, Perspectives},
  booktitle = {Proc. of String Processing and Information Retrieval},
  year      = {2002},
  pages     = {1-10},
}

@STRING{CVPR = {P. the {IEEE} Conference on Computer Vision and Pattern Recognition ({CVPR})}}
@STRING{ICCV = {P. the {IEEE} International Conference on Computer Vision ({ICCV})}}

@misc{nrc,
  author    = {NRC}, 
  title     = "{United States National Research Council, National Academy of Sciences}", 
  year      = {2010}, 
  ee        = {http://www.nationalacademies.org/nrc/index.html}, 
}
@misc{ms-research,
  author    = {Microsoft Research}, 
  title     = {Microsoft Academic Search}, 
  year      = {2015}, 
  ee        = {http://academic.research.microsoft.com/}
}
@article{schoonbaert1996, 
  author    = {Dirk Schoonbaert and Gilbert Roelants}, 
  title     = {Citation analysis for measuring the value of scientific publications: quality assessment tool or comedy of errors?}, 
  journal   = {Tropical Medicine and International Health}, 
  year      = {1996},
  pages     = {739-752}, 
  number    = {6}, 
  volume    = {1}, 
}
@article{hirsch2005,
  author    = {J. Hirsch}, 
  title     = {An Index to Quantify an Individual's Scientific Research Output}, 
  journal   = {Proc. Nat. Acad. Sciences}, 
  year      = {2005},
  pages     = {16569-16572}, 
}
@article{garfield1955,
  author    = {E. Garfield}, 
  title     = {Citation Indexes for Science}, 
  journal   = {Science}, 
  year      = {1955},
  pages     = {108-111}, 
  volume    = {122}, 
  number    = {3159}, 
}
@article{garfield1964,
  author    = {E. Garfield}, 
  title     = {Science Citation Index: A New Dimension in Indexing}, 
  journal   = {Science}, 
  year      = {1964},
  pages     = {649-654}, 
  number    = {144}, 
}
@article{garfield1972,
  author    = {E. Garfield}, 
  title     = {Citation Analysis as a Tool in Journal Evaluation: Journals Can be Ranked by Frequency and Impact of Citations for Science Policy Studies}, 
  journal   = {Science}, 
  year      = {1972},
  pages     = {471-479}, 
  number    = {178}, 
}
@article{garfield1976, 
  author    = {E. Garfield}, 
  title     = {Significant Journals of Science}, 
  journal   = {Nature}, 
  year      = {1976},
  pages     = {609-615},
  number    = {264}, 
}
@book{garfield1979,
  author    = {E. Garfield}, 
  title     = {Citation Indexing: Its Theory and Application in Science, Technology, and Humanities}, 
  publisher = {John Wiley}, 
  year      = {1979}, 
}
@article{garfield1986a, 
  author    = {E. Garfield}, 
  title     = {Do Nobel Prize Winners Write Citation Classics?}, 
  journal   = {Current Contents}, 
  year      = {1986},
  pages     = {3-8},
  number    = {23}, 
}
@article{garfield1986b, 
  author    = {E. Garfield}, 
  title     = {Which Medical Journals Have the Greatest Impact?}, 
  journal   = {Annals of Internal Medicine}, 
  year      = {1986},
  pages     = {313-320},
  number    = {105}, 
}
@article{garfield1990, 
  author    = {E. Garfield}, 
  title     = {Science Watch: ISI's highly cited newsletter shows how quantitative assessment of the literature can contribute to R\&D management, policymaking, and strategic analysis}, 
  journal   = {Current Contents}, 
  year      = {1990}, 
  pages     = {5-11}, 
  number    = {49}, 
}
@article{garfield1996, 
  author    = {E. Garfield}, 
  title     = {How can impact factors be improved?},
  journal   = {British Medical Journal}, 
  year      = {1996}, 
  pages     = {411-413}, 
  number    = {313}, 
}
@misc{thomson2011,
  author    = {Reuters, T.}, 
  title     = {The Thomson Reuters Impact Factor}, 
  booktitle = {Science, Thomson Reuters}, 
  year      = {2011}, 
  ee        = {http://thomsonreuters.com/products_services/science/free/essays/impact_factor/}
}
@article{martins2010, 
  author    = {Waister Silva Martins and
               Marcos Andr{\'e} Gon\c{c}alves and
               Alberto H. F. Laender and
               Nivio Ziviani},
  title     = {Assessing the quality of scientific conferences based on
               bibliographic citations},
  journal   = {Scientometrics},
  volume    = {83},
  number    = {1},
  year      = {2010},
  pages     = {133-155},
}
@inproceedings{martins2009, 
  author    = {Waister Silva Martins and
               Marcos Andr{\'e} Gon\c{c}alves and
               Alberto H. F. Laender and
               Gisele L. Pappa},
  title     = {Learning to assess the quality of scientific conferences:
               a case study in computer science},
  booktitle = {Proc. of JCDL},
  year      = {2009},
  pages     = {193-202},
}
@book{gilder2009, 
 author = {George Gilder}, 
 title = {The Israel Test}, 
 year = {2009}, 
 publisher = {Richard Vigilante Books}, 
}
@inproceedings{king2009, 
 author = {Christopher King}, 
 title = {Brazilian Science on the Rise}, 
 booktitle = {Thomson Reuters ScienceWatch, Featured Analysis},
 year = {2009},
}
@inproceedings{fernandes07,
 author = {David Fernandes and Edleno S. de Moura and Berthier Ribeiro-Neto and Altigran S. da Silva and Marcos Andr\'{e} Gon\c{c}alves},
 title = {Computing block importance for searching on web sites},
 booktitle = {Proc. of CIKM},
 year = {2007},
 pages = {165--174},
}
@inproceedings{yossef02,
 author = {Ziv Bar-Yossef and Sridhar Rajagopalan},
 title = {Template detection via data mining and its applications},
 booktitle = {Proc. of WWW},
 year = {2002},
 pages = {580--591},
}
@inproceedings{voorhees@sigir2005,
 author = {Chris Buckley and Ellen M. Voorhees},
 title = {Retrieval evaluation with incomplete information},
 booktitle = {Proc. of SIGIR},
 year = {2004},
 pages = {25--32},
}
@UNPUBLISHED{cai02,
 author = {Deng Cai and Shipeng Yu and Ji-Rong Wen and Wei-Ying Ma},
 title = {VIPS: a vision-based page segmentation algorithm},
 note = {Microsoft Technical Report},
 year = {2003},
}
@inproceedings{cai04,
 author = {Deng Cai and Shipeng Yu and Ji-Rong Wen and Wei-Ying Ma},
 title = {Block-based web search},
 booktitle = {Proc. of SIGIR},
 year = {2004},
 pages = {456--463},
}
@inproceedings{callan94,
 author = {James P. Callan},
 title = {Passage-level evidence in document retrieval},
 booktitle = {Proc. of SIGIR},
 year = {1994},
 pages = {302--310},
}
@article{ceri07,
 author = {Stefano Ceri and Maristella Matera and Francesca Rizzo and Vera Demald\'{e}},
 title = {Designing data-intensive web applications for content accessibility using web marts},
 journal = {Commun. ACM},
 volume = {50},
 number = {4},
 year = {2007},
 pages = {55--61},
}
@inproceedings{chakrabarti01,
 author = {Soumen Chakrabarti and Mukul Joshi and Vivek Tawde},
 title = {Enhanced topic distillation using text, markup tags, and hyperlinks},
 booktitle = {Proc. of SIGIR},
 year = {2001},
 pages = {208--216},
}
@inproceedings{Chakrabarti@WWW01,
 author = {Soumen Chakrabarti},
 title = {Integrating the document object model with hyperlinks for enhanced topic distillation and information extraction},
 booktitle = {Proc. of WWW},
 year = {2001},
 pages = {211--220},
}
@inproceedings{wong00,
 author = "Wai-ching Wong and Ada Wai-Chee Fu",
 title = "Finding Structure and Characteristics of Web Documents for Classification",
 booktitle = "Proc. of SIGMOD",
 pages = "96-105",
 year = "2000",
}
@inproceedings{hawking98,
    author = "D. Hawking and N. Craswell",
    title = "Overview of {TREC}-7 Very Large Collection Track",
    booktitle = "Proc. of the Seventh Text Retrieval Conf.",
    pages = "91--104",
    year = "1998",
}
@article{hawking99,
 author = {David Hawking and Nick Craswell and Paul Thistlewaite and Donna Harman},
 title = {Results and challenges in Web search evaluation},
 journal = {Comput. Netw.},
 volume = {31},
 number = {11-16},
 year = {1999},
 pages = {1321--1330},
}
@inproceedings{hua02,
 author = {Shian-Hua Lin and Jan-Ming Ho},
 title = {Discovering informative content blocks from Web documents},
 booktitle = {Proc. of KDD},
 year = {2002},
 pages = {588--593},
}
@inproceedings{robertson04,
 author = {Stephen Robertson and Hugo Zaragoza and Michael Taylor},
 title = {Simple BM25 extension to multiple weighted fields},
 booktitle = {Proc. of CIKM},
 year = {2004},
 pages = {42--49},
}
@article{salton75,
 author = {G. Salton and A. Wong and C. S. Yang},
 title = {A vector space model for automatic indexing},
 journal = {Commun. ACM},
 volume = {18},
 number = {11},
 year = {1975},
 pages = {613--620},
}
@inproceedings{song04,
 author = {Ruihua Song and Haifeng Liu and Ji-Rong Wen and Wei-Ying Ma},
 title = {Learning block importance models for web pages},
 booktitle = {Proc. of WWW},
 year = {2004},
 pages = {203--211},
}
@article{song04j,
 author = {Ruihua Song and Haifeng Liu and Ji-Rong Wen and Wei-Ying Ma},
 title = {Learning important models for web page blocks based on layout and content analysis},
 journal = {SIGKDD Explor. Newsl.},
 volume = {6},
 number = {2},
 year = {2004},
 pages = {14--23},
}
@inproceedings{cai04link,
 author = {Deng Cai and Xiaofei He and Ji-Rong Wen and Wei-Ying Ma},
 title = {Block-level link analysis},
 booktitle = {Proc. of SIGIR},
 year = {2004},
 pages = {440--447},
}
@inproceedings{Vieira06,
 author = {Karane Vieira and Altigran S. da Silva and Nick Pinto and Edleno S. de Moura and Jo\,
{a}o M. B. Cavalcanti and Juliana Freire},
 title = {A fast and robust method for web page template detection and removal},
 booktitle = {Proc. of CIKM},
 year = {2006},
 pages = {258--267},
}
@inproceedings{Yi@KDD03,
 author = {Lan Yi and Bing Liu and Xiaoli Li},
 title = {Eliminating noisy information in Web pages for data mining},
 booktitle = {Proc. of KDD},
 year = {2003},
 pages = {296--305},
}
@inproceedings{yin04,
 author = {Xinyi Yin and Wee Sun Lee},
 title = {Using link analysis to improve layout on mobile devices},
 booktitle = {Proc. of WWW},
 year = {2004},
 pages = {338--344},
 location = {New York, NY, USA},
}
@inproceedings{eiron03,
 author = {Nadav Eiron and Kevin S. McCurley},
 title = {Analysis of anchor text for web search},
 booktitle = {Proc. of SIGIR},
 year = {2003},
 pages = {459--460},
}
@inproceedings{glover02,
 author = {Eric J. Glover and Kostas Tsioutsiouliklis and Steve Lawrence and David M. Pennock and Gary W. Flake},
 title = {Using web structure for classifying and describing web pages},
 booktitle = {Proc. of WWW},
 year = {2002},
 pages = {562--569},
}
@inproceedings{xing05,
 author = {Xing Xie and Gengxin Miao and Ruihua Song and Ji-Rong Wen and Wei-Ying Ma},
 title = {Efficient Browsing of Web Search Results on Mobile Devices Based on Block Importance Model},
 booktitle = {Proc. of IEEE PERCOM},
 year = {2005},
 pages = {17--26},
}
@inproceedings{baluja06,
 author = {Shumeet Baluja},
 title = {Browsing on small screens: recasting web-page segmentation into an efficient machine learning framework},
 booktitle = {Proc. of WWW},
 year = {2006},
 pages = {33--42},
 location = {Edinburgh, Scotland},
}
@inproceedings{chen03,
 author = {Yu Chen and Wei-Ying Ma and Hong-Jiang Zhang},
 title = {Detecting web page structure for adaptive viewing on small form factor devices},
 booktitle = {Proc. of WWW},
 year = {2003},
 pages = {225--233},
}
@article{chen05,
 author = {Yu Chen and Xing Xie and Wei-Ying Ma and Hong-Jiang Zhang},
 title = {Adapting Web Pages for Small-Screen Devices},
 journal = {IEEE Internet Computing},
 volume = {9},
 number = {1},
 year = {2005},
 pages = {50--56},
}
@article{xie05,
  author    = {Xing Xie and Chong Wang and Li-Qun Chen and Wei-Ying Ma},
  title     = {An adaptive web page layout structure for small devices},
  journal   = {Multimedia Syst.},
  volume    = {11},
  number    = {1},
  year      = {2005},
  pages     = {34-44},
}
@inproceedings{kange07,
 author = {Jinbeom Kang and Joongmin Choi},
 title = {Detecting Informative Web Page Blocks for Efficient Information Extraction Using Visual Block Segmentation},
 booktitle = {Proc. of ISITC},
 year = {2007},
 pages = {306--310},
}
@inproceedings{gibson07,
 author = {John Gibson and Ben Wellner and Susan Lubar},
 title = {Adaptive web-page content identification},
 booktitle = {Proc. of WIDM},
 year = {2007},
 pages = {105--112},
}
@inproceedings{longzhuang07,
    author = {Li, Longzhuang   and Liu, Yonghuai   and Obregon, Abel   and Weatherston, Matt  },
    booktitle = {Proc. of IEEE Information Reuse and Integration},
    journal = {Information Reuse and Integration, 2007. IRI 2007. IEEE International Conference on},
    pages = {502--507},
    title = {Visual Segmentation-Based Data Record Extraction from Web Documents},
    year = {2007}
}
@inproceedings{cai03,
 author = {Shipeng Yu and Deng Cai and Ji-Rong Wen and Wei-Ying Ma},
 title = {Improving pseudo-relevance feedback in web information retrieval using web page segmentation},
 booktitle = {Proc. of WWW},
 year = {2003},
 pages = {11--18},
}
@inproceedings{hu05,
 author = {Yunhua Hu and Guomao Xin and Ruihua Song and Guoping Hu and Shuming Shi and Yunbo Cao and Hang Li},
 title = {Title extraction from bodies of HTML documents and its application to web page retrieval},
 booktitle = {Proc. of SIGIR},
 year = {2005},
 pages = {250--257},
}
@inproceedings{liangchen05,
 author = {Liang Chen and Shaozhi Ye and Xing Li},
 title = {Template detection for large scale search engines},
 booktitle = {Proc. of SAC},
 year = {2006},
 pages = {1094--1098},
}
@inproceedings{chibane07,
 author = {Idir Chibane and Bich-Lien Doan},
 title = {A web page topic segmentation algorithm based on visual criteria and content layout},
 booktitle = {Proc. of SIGIR},
 year = {2007},
 pages = {817--818},
}
@article{crescenzi05,
 author = {Valter Crescenzi and Paolo Merialdo and Paolo Missier},
 title = {Clustering web pages based on their structure},
 journal = {Data Knowl. Eng.},
 volume = {54},
 number = {3},
 year = {2005},
 pages = {279--299},
}
@inproceedings{crescenzi03,
 author = {Valter Crescenzi and Paolo Merialdo and Paolo Missier},
 title = {Fine-grain web site structure discovery},
 booktitle = {Proc. of WIDM},
 year = {2003},
 pages = {15--22},
}
@inproceedings{hattori07,
 author = {Gen Hattori and Keiichiro Hoashi and Kazunori Matsumoto and Fumiaki Sugaya},
 title = {Robust web page segmentation for mobile terminal using content-distances and page layout information},
 booktitle = {Proc. of WWW},
 year = {2007},
 pages = {361--370},
}
@article{brin98,
	 author = {Sergey Brin and Lawrence Page},
	 title = {The anatomy of a large-scale hypertextual Web search engine},
	 journal = {Comput. Netw. ISDN Syst.},
	 volume = {30},
	 number = {1-7},
	 year = {1998},
	 pages = {107--117},
 }
 @article{kleinberg98,
	 author = {Jon M. Kleinberg},
	 title = {Authoritative sources in a hyperlinked environment},
	 journal = {J. ACM},
	 volume = {46},
	 number = {5},
	 year = {1999},
	 pages = {604--632},
 }
@book{berthierbook,
 author = {Ricardo A. Baeza-Yates and Berthier Ribeiro-Neto},
 title = {Modern Information Retrieval},
 year = {1999},
 publisher = {Addison-Wesley Longman Publishing Co., Inc.},
}
@inproceedings{wessel02,
 author = {Wessel Kraaij and Thijs Westerveld and Djoerd Hiemstra},
 title = {The Importance of Prior Probabilities for Entry Page Search},
 booktitle = {Proc. of SIGIR},
 year = {2002},
 pages = {27--34},
}
@article{salton68,
 author = {G. Salton and M. E. Lesk},
 title = {Computer Evaluation of Indexing and Text Processing},
 journal = {J. ACM},
 volume = {15},
 number = {1},
 year = {1968},
 pages = {8--36},
 }
@book{salton71,
 author = {G. Salton},
 title = {The SMART Retrieval System---Experiments in Automatic Document Processing},
 year = {1971},
 publisher = {Prentice-Hall, Inc.},
 }
@article{maron60,
 author = {M. E. Maron and J. L. Kuhns},
 title = {On Relevance, Probabilistic Indexing and Information Retrieval},
 journal = {J. ACM},
 volume = {7},
 number = {3},
 year = {1960},
 pages = {216--244},
 }
@article{robertson88,
 author = {Stephen E. Robertson and Karen Sparck Jones},
 title = {Relevance weighting of search terms},
 book = {Document retrieval systems},
 year = {1988},
 pages = {143--160},
 }
@inproceedings{robertson94,
 author = {S. E. Robertson and S. Walker},
 title = {Some simple effective approximations to the 2-Poisson model for probabilistic weighted retrieval},
 booktitle = {Proc. of SIGIR},
 year = {1994},
 pages = {232--241},
 }
@inproceedings{croft98,
 author = {Jay M. Ponte and W. Bruce Croft},
 title = {A language modeling approach to information retrieval},
 booktitle = {Proc. of SIGIR},
 year = {1998},
 pages = {275--281},
 }
 @inproceedings{berger99,
 author = {Adam Berger and John Lafferty},
 title = {Information retrieval as statistical translation},
 booktitle = {Proc. of SIGIR},
 year = {1999},
 pages = {222--229},
 }
 @inproceedings{lafferty01,
 author = {John Lafferty and Chengxiang Zhai},
 title = {Document language models, query models, and risk minimization for information retrieval},
 booktitle = {Proc. of SIGIR},
 year = {2001},
 pages = {111--119},
 }
@book{salton86,
 author = {Gerard Salton and Michael J. McGill},
 title = {Introduction to Modern Information Retrieval},
 year = {1986},
 publisher = {McGraw-Hill, Inc.},
 }
 @article{hersh01,
 author = {William Hersh},
 title = {Managing Gigabytes---Compressing and Indexing Documents and Images (Second Edition)},
 journal = {Inf. Retr.},
 volume = {4},
 number = {1},
 year = {2001},
 pages = {79--80},
 }
@inproceedings{harman93,
 author = {Donna Harman},
 title = {Overview of the first TREC conference},
 booktitle = {Proc. of SIGIR},
 year = {1993},
 pages = {36--47},
 }
@inproceedings{chen01,
 author = {Jinlin Chen and Baoyao Zhou and Jin Shi and Hongjiang Zhang and Qiu Fengwu},
 title = {Function-based object model towards website adaptation},
 booktitle = {Proc. of WWW},
 year = {2001},
 pages = {587--596},
 location = {Hong Kong, Hong Kong},
 }
@inproceedings{kovacevic02,
 author = {Milos Kovacevic and Michelangelo Diligenti and Marco Gori and Veljko Milutinovic},
 title = {Recognition of Common Areas in a Web Page Using Visual Information: a possible application in a page classification},
 booktitle = {Proc. of ICDM},
 year = {2002},
 pages = {250},
 publisher = {IEEE Computer Society},
 }
@inproceedings{fagin03,
 author = {Ronald Fagin and Ravi Kumar and D. Sivakumar},
 title = {Comparing top k lists},
 booktitle = {Proc. of SODA},
 year = {2003},
 pages = {28--36},
 }
@inproceedings{kohlsch08,
 author = {Kohlsch\"{u}tter,, Christian and Nejdl,, Wolfgang},
 title = {A densitometric approach to web page segmentation},
 booktitle = {Proc. of CIKM},
 year = {2008},
 pages = {1173--1182},
 }
@article{trotman05,
 author = {Trotman,, Andrew},
 title = {Choosing document structure weights},
 journal = {Information Processing \& Management},
 volume = {41},
 number = {2},
 year = {2005},
 pages = {243--264},
 }
@inproceedings{liu06,
 author = {Liu,, Yan and Wang,, Qiang and Wang,, QingXian and Liu,, Yao and Wei,, Liang},
 title = {An Adaptive Scoring Method for Block Importance Learning},
 booktitle = {Proc. of IEEE WI},
 year = {2006},
 pages = {761--764},
 }
@article{wan08,
 author = {Wan,, Xiaojun and Yang,, Jianwu and Xiao,, Jianguo},
 title = {Towards a unified approach to document similarity search using manifold-ranking of blocks},
 journal = {Information Processing \& Management},
 volume = {44},
 number = {3},
 year = {2008},
 pages = {1032--1048},
 }
@inproceedings{zhou04,
    author = {Dengyong Zhou and Jason Weston and Arthur Gretton and Olivier Bousquet and Bernhard Schlkopf},
    title = {Ranking on data manifolds},
    booktitle = {Proc. of Advances in Neural Information Processing Systems},
    year = {2004},
    publisher = {MIT Press}
}
@inproceedings{cao08,
 author = {Cao,, YuJuan and Niu,, ZhenDong and Dai,, LiuLing and Zhao,, YuMing},
 title = {Extraction of Informative Blocks from Web Pages},
 booktitle = {Proc. of ALPIT},
 year = {2008},
 pages = {544--549},
 }
@inproceedings{debnath05,
 author = {Debnath,, Sandip and Mitra,, Prasenjit and Giles,, C. Lee},
 title = {Automatic extraction of informative blocks from webpages},
 booktitle = {Proc. of SAC},
 year = {2005},
 pages = {1722--1726},
 location = {Santa Fe, New Mexico},
 }
@article{jones88,
 author = {Sparck Jones,, Karen},
 title = {A statistical interpretation of term specificity and its application in retrieval},
 book = {Document retrieval systems},
 year = {1988},
 pages = {132--142},
 }
@Article{VCB+09,
  author =   {Karane Vieira and Andre Luiz da Costa Carvalho and Klessius Berlt and Edleno Silva de Moura and Altigran Soares da Silva and Juliana Freir},
  title =    {On Finding Templates on Web Collections},
  journal =      {World Wide Web},
  year =     {2009},
  pages =    {171--211},
}
@InProceedings{CKP08,
  author =   {Deepayan Chakrabarti and Ravi Kumar and Kunal Punera},
  title =    {A graph-theoretic approach to webpage segmentation},
  booktitle =    {Proc. of WWW},
  pages =    {377--386},
  year =     {2008},
}
@InProceedings{Efthimiadis92,
  author =   {Efthimiadis, N. E.},
  title =    {Query Expansion},
  booktitle =    {Proc. of Annual Review of Information Systems and Technology},
  pages =    {121-187},
  year =     {1996},
  OPTvolume =    {31},
}
@InProceedings{KN08,
  author =   { Christian Kohlschtter and Wolfgang Nejdl},
  title =    {A densitometric approach to web page segmentation},
  booktitle =    {Proc. of CIKM},
  pages =    {1173-1182},
  year =     {2008},
}
@article{Kleinberg02,
 author = {Kleinberg, Jon and Tardos, \'{E}va},
 title = {Approximation algorithms for classification problems with pairwise relationships: metric labeling and Markov random fields},
 journal = {J. ACM},
 volume = {49},
 number = {5},
 year = {2002},
 pages = {616--639},
 }
@inproceedings{Yang09,
 author = {Yang, Xin and Shi, Yuanchun},
 title = {Enhanced Gestalt Theory Guided Web Page Segmentation for Mobile Browsing},
 booktitle = {Proc. of IEEE/WIC/ACM International Joint Conference on Web Intelligence and Intelligent Agent Technology},
 year = {2009},
 pages = {46--49},
 }

@inproceedings{Fu07,
 author = {Fu, Yan and Yang, Dongqing and Tang, Shiwei and Wang, Tengjiao and Gao, Jun},
 title = {Using XPath to Discover Informative Content Blocks of Web Pages},
 booktitle = {Proc. of SKG},
 year = {2007},
 pages = {450--453},
 }
@inproceedings{Jiuxin07,
 author = {Jiuxin, Cao and Bo, Mao and Junzhou, Luo},
 title = {A Web Page Segmentation Algorithm Based on Iterated Dividing and Shrinking},
 booktitle = {Proc. of NPC},
 year = {2007},
 pages = {701--705},
 }
@article{Shannon48,
    author = {Shannon, C. E.},
    journal = {Bell system technical journal},
    title = {A mathematical theory of communication},
    volume = {27},
    year = {1948}
}
@inproceedings{Dou09,
 author = {Dou, Zhicheng and Song, Ruihua and Nie, Jian-Yun and Wen, Ji-Rong},
 title = {Using anchor texts with their hyperlink structure for web search},
 booktitle = {Proc. of SIGIR},
 year = {2009},
 pages = {227--234},
 }
@INPROCEEDINGS{Westerveld01,
    author = {Thijs Westerveld and Wessel Kraaij and Djoerd Hiemstra},
    title = {Retrieving Web Pages using Content, Links, URLs and Anchors},
    booktitle = {},
    year = {2001},
    pages = {663--672}
}
@incollection{GrzybekA173,
	author = {Antic, Gordana and Grzybek, Peter and Stadlober, Ernst},
	title = {Mathematical Aspects and Modifications of Fucks' Generalized Poisson Distribution},
	pages = {158-180},
	volume = {27},
	publisher = {Walter de Gruyter},
	series = {Handb\"ucher zur Sprach- und Kommunikationswissenschaft},
	editor = {K\"ohler, Reinhard and Altmann, Gabriel and Piotrovski, G.R.},
	booktitle = {Quantitative Linguistics. An International Handbook},
	year = {2005},
}
@inproceedings{Chang01,
 author = {Chang, Chia-Hui and Lui, Shao-Chen},
 title = {IEPAD: information extraction based on pattern discovery},
 booktitle = {Proc. of WWW},
 year = {2001},
 pages = {681--688},
 }
 @inproceedings{Liu03,
 author = {Liu, Bing and Grossman, Robert and Zhai, Yanhong},
 title = {Mining data records in Web pages},
 booktitle = {Proc. of KDD},
 year = {2003},
 pages = {601--606},
 location = {Washington, D.C.},
 }
 @book{Fra92,
  address = {Englewood Cliffs, N.J.},
  editor = {W.B. Frakes and R. Baeza-Yates},
  publisher = {Prentice Hall, New York},
  title = {Information retrieval, data structures and algorithms},
  isbn = {0-13-463837-9},
  year = {1992}
}
@inproceedings{Mehta05,
 author = {Mehta, Rupesh R. and Mitra, Pabitra and Karnick, Harish},
 title = {Extracting semantic structure of web documents using content and visual information},
 booktitle = {Special interest tracks and posters of WWW},
 year = {2005},
 pages = {928--929},
 }
@inproceedings{Algur06,
 author = {Algur, Siddu P. and Hiremath, P. S.},
 title = {Extraction of flat and nested data records from web pages},
 booktitle = {Proc. of AusDM},
 year = {2006},
 pages = {163--168},
 }
@inproceedings{Vidal06,
 author = {Vidal, M\'{a}rcio L. A. and da Silva, Altigran S. and de Moura, Edleno S. and Cavalcanti, Jo\,
{a}o M. B.},
 title = {Structure-driven crawler generation by example},
 booktitle = {Proc. of SIGIR},
 year = {2006},
 pages = {292--299},
 }
@article{Chehreghani08,
 author = {Chehreghani, Morteza Haghir and Abolhassani, Hassan and Chehreghani, Mostafa Haghir},
 title = {Improving density-based methods for hierarchical clustering of web pages},
 journal = {Data Knowl. Eng.},
 volume = {67},
 number = {1},
 year = {2008},
 pages = {30--50},
 }
@article{Manuel08,
 author = {\'{A}lvarez, Manuel and Pan, Alberto and Raposo, Juan and Bellas, Fernando and Cacheda, Fidel},
 title = {Extracting lists of data records from semi-structured web pages},
 journal = {Data Knowl. Eng.},
 volume = {64},
 number = {2},
 year = {2008},
 pages = {491--509},
 }
@Article{Lawrence85,
  author={Lawrence Hubert and Phipps Arabie},
  title={Comparing partitions},
  journal={Journal of Classification},
  year=1985,
  volume={2},
  number={1},
  pages={193-218},
}
@inproceedings{Vinh09,
 author = {Vinh, Nguyen Xuan and Epps, Julien and Bailey, James},
 title = {Information theoretic measures for clusterings comparison: is a correction for chance necessary?},
 booktitle = {Proc. of ICML},
 year = {2009},
 pages = {1073--1080},
 }
@article{Rand71,
     title = {Objective Criteria for the Evaluation of Clustering Methods},
     author = {Rand, William M.},
     journal = {Journal of the American Statistical Association},
     volume = {66},
     number = {336},
     pages = {846--850},
     year = {1971},
}
@article{Strehl03,
 author = {Strehl, Alexander and Ghosh, Joydeep},
 title = {Cluster ensembles --- a knowledge reuse framework for combining multiple partitions},
 journal = {J. Mach. Learn. Res.},
 volume = {3},
 year = {2003},
 pages = {583--617},
 }
@INPROCEEDINGS{Strehl00,
    author = {Alexander Strehl and Er Strehl and Joydeep Ghosh and Raymond Mooney},
    title = {Impact of Similarity Measures on Web-page Clustering},
    booktitle = {Proc. of AAAI},
    year = {2000},
    pages = {58--64},
}
@misc{zipf32,
    author = {Zipf, G. K.},
    keywords = {gopubmed},
    publisher = {Harvard University Press},
    title = {Selective Studies and the Principle of Relative Frequency in Language},
    year = {1932}
}
@INPROCEEDINGS{Altmann82,
  author = {Gabriel Altmann, V. Burdinski},
  title = {Towards a Law of Word Repetitions in Text Blocks},
  pages = {147-167},
  year = {1982},  
  booktitle = {Proc. of Glottometrika 4}
}
@article{Harman95,
 author = {Harman, Donna},
 title = {Overview of the second text retrieval conference (TREC-2)},
 journal = {Inf. Process. Manage.},
 volume = {31},
 number = {3},
 year = {1995},
 pages = {271--289},
 }
@article{Jarvelin02,
 author = {J\"{a}rvelin, Kalervo and Kek\"{a}l\"{a}inen, Jaana},
 title = {Cumulated gain-based evaluation of IR techniques},
 journal = {ACM Trans. Inf. Syst.},
 volume = {20},
 number = {4},
 year = {2002},
 pages = {422--446},
 }
@article{sj72,
    author = {Sparck Jones, Karen},
    title = {A Statistical Interpretation of Term Specificity and Its
Application to Retrieval},
    journal = {Journal of Documentation},
    year = 1972,
    volume = 28,
    number = 1,
    pages = {11-20},
}
@article{sj73,
    author = {Sparck Jones, Karen},
    title = {Index Term Weighting},
    journal = {Information Storage and Retrieval},
    year = 1973,
    volume = 9,
    number = 11,
    pages = {619-633},
}
@article{sj79a,
    author = {Sparck Jones, Karen},
    title = {Experiments in Relevance Weighting of Search Terms},
    journal = {Inf. Process. Manage.},
    year = 1979,
    volume = 15,
    number = 13,
    pages = {133-144},
}
@book{Stockman01,
 author = {Stockman, George and Shapiro, Linda G.},
 title = {Computer Vision},
 year = {2001},
 publisher = {Prentice Hall PTR},
 }
@inproceedings{okapi-at-trec3,
    author = {S.E. Robertson and S. Walker and S. Jones and M.M.
Hancock-Beaulieu and M. Gatford},
    title = {Okapi at {TREC}-3},
    booktitle = {Proc. of {TREC}},
    pages = {109-128},
    year = 1995,
}
@book{Cormen2001,
  author = {T. H. Cormen and C. E. Leiserson and R. L. Rivest and C. Stein},
  publisher = {MIT Press},
  title = {Introduction to Algorithms},
  year = 2001,
}
@InProceedings{robertson00,
  author = {S. E. Robertson and S. Walker},
  booktitle = {Proc. of {TREC}},
  pages = {151+},
  title = {Okapi/Keenbow at TREC-8},
  year = {2000},
}
@INPROCEEDINGS{robertson96,
    author = {S. Robertson and S. Walker and S. Jones and M.M. Hancock-Beaulieu and M. Gatford},
    title = {Okapi at TREC-3},
    booktitle = {Proc. of TREC},
    year = {1996},
    pages = {109--128},
}
@article{moura08,
 author = {Moura, Edleno Silva de and Santos, Celia Francisca dos and Araujo, Bruno Dos santos de and Silva, Altigran Soares da and Calado, Pavel and Nascimento, Mario A.},
 title = {Locality-Based pruning methods for web search},
 journal = {ACM Trans. Inf. Syst.},
 volume = {26},
 number = {2},
 year = {2008},
 pages = {1--28},
 }
@inproceedings{Gibson05,
 author = {Gibson, David and Punera, Kunal and Tomkins, Andrew},
 title = {The volume and evolution of web page templates},
 booktitle = {Proc. of WWW},
 year = {2005},
 pages = {830--839},
 }
@inproceedings{shi06,
 author = {Shi, Lei and Niu, Cheng and Zhou, Ming and Gao, Jianfeng},
 title = {A DOM tree alignment model for mining parallel data from the web},
 booktitle = {Proc. of ACL},
 year = {2006},
 pages = {489--496},
 }
@inproceedings{zhai05,
 author = {Zhai, Yanhong and Liu, Bing},
 title = {Web data extraction based on partial tree alignment},
 booktitle = {Proc. of WWW},
 year = {2005},
 pages = {76--85},
 }
@article{spearman,
  title={The proof and measurement of association between two things},
  author={Spearman, C.},
  journal={The American journal of psychology},
  volume={15},
  number={1},
  pages={72--101},
  year={1904},
}
@article{DBLP:journals/corr/abs-1103-3102,
  author    = {Aditya G. Parameswaran and
               Anish Das Sarma and
               Hector Garcia-Molina and
               Neoklis Polyzotis and
               Jennifer Widom},
  title     = {Human-Assisted Graph Search: It's Okay to Ask Questions},
  journal   = {CoRR},
  volume    = {abs/1103.3102},
  year      = {2011},
}
@article{ribas-2013a, 
  author    = {S. Ribas and
               B. Ribeiro-Neto and 
               E. de Souza e Silva and 
               N. Ziviani}, 
  title     = {R-Score: Reputation-based Scoring of Research Groups}, 
  journal   = {CoRR}, 
  volume    = {},
  number    = {},
  year      = {2013},
  pages     = {},
  note      = {}
}
@article{DBLP:journals/cn/BrinP98,
  author    = {Sergey Brin and
               Lawrence Page},
  title     = {The Anatomy of a Large-Scale Hypertextual Web Search Engine},
  journal   = {Comput. Netw.},
  volume    = {30},
  number    = {1-7},
  year      = {1998},
  pages     = {107-117},
}
@article{ball2005index,
  title={Index aims for fair ranking of scientists},
  author={Ball, Philip},
  journal={Nature},
  volume={436},
  number={7053},
  pages={900--900},
  year={2005},
}
@article{bornmann2005does,
  title={Does the h-index for ranking of scientists really work?},
  author={Bornmann, Lutz and Daniel, Hans-Dieter},
  journal={Scientometrics},
  volume={65},
  number={3},
  pages={391--392},
  year={2005},
  publisher={Akad{\'e}miai Kiad{\'o}, co-published with Springer Science+ Business Media BV, Formerly Kluwer Academic Publishers BV}
}
@article{braun2006hirsch,
  title={A Hirsch-type index for journals},
  author={Braun, Tibor and Gl{\"a}nzel, Wolfgang and Schubert, Andr{\'a}s},
  journal={Scientometrics},
  volume={69},
  number={1},
  pages={169--173},
  year={2006},
}
@article{chapron2006open,
  title={Open, fair, and free journal ranking for researchers},
  author={Chapron, Guillaume and Hust{\'e}, Aur{\'e}lie},
  journal={Bioscience},
  volume={56},
  number={7},
  pages={558--559},
  year={2006},
}
@misc{priem2010altmetrics,
  title={Altmetrics: A manifesto},
  author={Priem, Jason and Taraborelli, Dario and Groth, Paul and Neylon, Cameron},
  year={2010},
  url={http://altmetrics.org/manifesto}
}
@article{piwowar2013altmetrics,
  title={Altmetrics: Value all research products},
  author={Piwowar, Heather},
  journal={Nature},
  volume={493},
  number={7431},
  pages={159--159},
  year={2013},
}
@inproceedings{cormode2014people,
  title={People like us: mining scholarly data for comparable researchers},
  author={Cormode, Graham and Muthukrishnan, S and Yan, Jinyun},
  booktitle= {Proc. of WWW},
  pages={1227--1232},
  year={2014},
}
@inproceedings{cervi2013comparing,
  title={Comparing the reputation of researchers using a profile model and scientific metrics},
  author={Cervi, Cristiano R and Galante, Renata and Oliveira, Jos{\'e} Palazzo M de},
  booktitle={Proc. of IEEE CSE},
  pages={353--359},
  year={2013},
}
@inproceedings{castillo2007estimating,
  title={Estimating number of citations using author reputation},
  author={Castillo, Carlos and Donato, Debora and Gionis, Aristides},
  booktitle={Proc. of SPIRE},
  pages={107--117},
  year={2007},
}
@article{leydesdorff2009new,
  title={How are new citation-based journal indicators adding to the bibliometric toolbox?},
  author={Leydesdorff, Loet},
  journal={J. Am. Soc. Inf. Sci. Technol.},
  volume={60},
  number={7},
  pages={1327--1336},
  year={2009},
}
@article{orduna2014empirical,
  title={Empirical Evidences in Citation-Based Search Engines: Is Microsoft Academic Search dead?},
  author={Orduna-Malea, Enrique and Ayllon, Juan Manuel and Martin-Martin, Alberto and L{\'o}pez-C{\'o}zar, Emilio Delgado},
  journal={arXiv preprint arXiv:1404.7045},
  year={2014}
} 
@article{ortega2014microsoft,
  title={Microsoft academic search and Google scholar citations: Comparative analysis of author profiles},
  author={Ortega, Jos{\'e} Luis and Aguillo, Isidro F},
  journal={Journal of the Association for Information Science and Technology},
  volume={65},
  number={6},
  pages={1149--1156},
  year={2014},
}
@inproceedings{ribas2015jcdl,
  title     = {On the Reputation of Venues in Computer Science}, 
  author    = {S. Ribas and
               B. Ribeiro-Neto and 
               E. de Souza e Silva and 
               N. Ziviani}, 
  booktitle={},
  pages={},
  year={2015},
  organization={Submitted}
}
@inproceedings{lima2013jcdl,
  author    = {Harlley Lima and
               Thiago H. P. Silva and
               Mirella M. Moro and
               Rodrygo L. T. Santos and
               Wagner Meira Jr. and
               Alberto H. F. Laender},
  title     = {Aggregating productivity indices for ranking researchers across multiple
               areas},
  booktitle = {Proc. of JCDL},
  pages     = {97--106},
  year      = {2013},
}
@article{jarvelin2002cumulated,
  title={Cumulated gain-based evaluation of IR techniques},
  author={J{\"a}rvelin, Kalervo and Kek{\"a}l{\"a}inen, Jaana},
  journal={ACM Trans. Inf. Syst.},
  volume={20},
  number={4},
  pages={422--446},
  year={2002},
}
@article{bornmann2011h,
  title={The h-index as a research performance indicator},
  author={Bornmann, Lutz and Marx, Werner},
  journal={Eur Sci Ed},
  volume={37},
  number={3},
  pages={77--80},
  year={2011}
}
@article{van2006comparison,
  title={Comparison of the Hirsch-index with standard bibliometric indicators and with peer judgment for 147 chemistry research groups},
  author={Van Raan, Anthony FJ},
  journal={scientometrics},
  volume={67},
  number={3},
  pages={491--502},
  year={2006},
}
@article{batista2006possible,
  title={Is it possible to compare researchers with different scientific interests?},
  author={Batista, Pablo D and Campiteli, M{\^o}nica G and Kinouchi, Osame},
  journal={Scientometrics},
  volume={68},
  number={1},
  pages={179--189},
  year={2006},
}
@article{namazi2010n,
  title={N-index: A novel and easily-calculable parameter for comparison of researchers working in different scientific fields},
  author={Namazi, Mohammad Reza and Fallahzadeh, Mohammad Kazem and others},
  journal={Indian Journal of Dermatology, Venereology, and Leprology},
  volume={76},
  number={3},
  pages={229},
  year={2010},
}
@article{egghe2006theory,
  title={Theory and practise of the g-index},
  author={Egghe, Leo},
  journal={Scientometrics},
  volume={69},
  number={1},
  pages={131--152},
  year={2006},
}
@article{jeang2008h,
  title={H-index, mentoring-index, highly-cited and highly-accessed: how to evaluate scientists?},
  author={Jeang, Kuan-Teh},
  journal={Retrovirology},
  volume={5},
  number={1},
  pages={106},
  year={2008},
}
@article{dorta2011central,
  title={Central indexes to the citation distribution: a complement to the h-index},
  author={Dorta-Gonz{\'a}lez, Pablo and Dorta-Gonz{\'a}lez, Mar{\'\i}a-Isabel},
  journal={Scientometrics},
  volume={88},
  number={3},
  pages={729--745},
  year={2011},
}
@article{schreiber2008share,
  title={To share the fame in a fair way, hm modifies h for multi-authored manuscripts},
  author={Schreiber, Michael},
  journal={New Journal of Physics},
  volume={10},
  number={4},
  pages={040201},
  year={2008},
}
@article{hirsch2010index,
  title={An index to quantify an individual's scientific research output that takes into account the effect of multiple coauthorship},
  author={Hirsch, Jorge E},
  journal={Scientometrics},
  volume={85},
  number={3},
  pages={741--754},
  year={2010},
}
@incollection{newman2004best,
  title={Who is the best connected scientist? A study of scientific coauthorship networks},
  author={Newman, Mark EJ},
  booktitle={Proc. of Complex networks},
  pages={337--370},
  year={2004},
}
@article{freire2011ranking,
  title={Ranking in collaboration networks using a group based metric},
  author={Freire, Vin{\'\i}cius P and Figueiredo, Daniel R},
  journal={Journal of the Brazilian Computer Society},
  volume={17},
  number={4},
  pages={255--266},
  year={2011},
}
@article{sidiropoulos2007generalized,
  title={Generalized Hirsch h-index for disclosing latent facts in citation networks},
  author={Sidiropoulos, Antonis and Katsaros, Dimitrios and Manolopoulos, Yannis},
  journal={Scientometrics},
  volume={72},
  number={2},
  pages={253--280},
  year={2007},
}
@article{abt2012publication,
  title={A publication index that is independent of age},
  author={Abt, Helmut A},
  journal={Scientometrics},
  volume={91},
  number={3},
  pages={863--868},
  year={2012},
}

@article{zhang2009index,
  title={The e-index, complementing the h-index for excess citations},
  author={Zhang, Chun-Ting},
  journal={PLoS One},
  volume={4},
  number={5},
  pages={e5429},
  year={2009},
}

%kosmulski2011successful, franceschini2011proposals, franceschini2012success, todeschini2011j,egghe2011single, schubert2009using, woeginger2008axiomatic, saleem2011hirsch, marchant2009score, balaban2012positive

@article{kosmulski2011successful,
  title={Successful papers: A new idea in evaluation of scientific output},
  author={Kosmulski, Marek},
  journal={Journal of Informetrics},
  volume={5},
  number={3},
  pages={481--485},
  year={2011},
}
@article{franceschini2011proposals,
  title={Proposals for evaluating the regularity of a scientist's research output},
  author={Franceschini, Fiorenzo and Maisano, Domenico},
  journal={Scientometrics},
  volume={88},
  number={1},
  pages={279--295},
  year={2011},
}
@article{franceschini2012success,
  title={The success-index: an alternative approach to the h-index for evaluating an individual's research output},
  author={Franceschini, Fiorenzo and Galetto, Maurizio and Maisano, Domenico and Mastrogiacomo, Luca},
  journal={Scientometrics},
  volume={92},
  number={3},
  pages={621--641},
  year={2012},
}
@article{todeschini2011j,
  title={The j-index: a new bibliometric index and multivariate comparisons between other common indices},
  author={Todeschini, Roberto},
  journal={Scientometrics},
  volume={87},
  number={3},
  pages={621--639},
  year={2011},
}
@article{egghe2011single,
  title={The single publication H-index and the indirect H-index of a researcher},
  author={Egghe, Leo},
  year={2011}
}

@article{schubert2009using,
  title={Using the h-index for assessing single publications},
  author={Schubert, Andr{\'a}s},
  journal={Scientometrics},
  volume={78},
  number={3},
  pages={559--565},
  year={2009},
}
@article{woeginger2008axiomatic,
  title={An axiomatic characterization of the Hirsch-index},
  author={Woeginger, Gerhard J},
  journal={Mathematical Social Sciences},
  volume={56},
  number={2},
  pages={224--232},
  year={2008},
}
@article{saleem2011hirsch,
  title={The Hirsch index-a play on numbers or a true appraisal of academic output?},
  author={Saleem, Taimur},
  journal={Int Arch Med},
  volume={4},
  pages={25},
  year={2011}
}
@article{marchant2009score,
  title={Score-based bibliometric rankings of authors},
  author={Marchant, Thierry},
  journal={J. Am. Soc. Inf. Sci. Technol.},
  volume={60},
  number={6},
  pages={1132--1137},
  year={2009},
}
@article{balaban2012positive,
  title={Positive and negative aspects of citation indices and journal impact factors},
  author={Balaban, Alexandru T},
  journal={Scientometrics},
  volume={92},
  number={2},
  pages={241--247},
  year={2012},
}
@article{DBLP:journals/corr/RibasRSZ13,
  author    = {Sabir Ribas and
               Berthier A. Ribeiro{-}Neto and
               Edmundo de Souza e Silva and
               Nivio Ziviani},
  title     = {R-Score: Reputation-based Scoring of Research Groups},
  journal   = {CoRR},
  year      = {2013},
  volume    = {abs/1308.5286},
}
@article{priem2010altmetrics,
  title={Altmetrics: A manifesto},
  author={Priem, Jason and Taraborelli, Dario and Groth, Paul and Neylon, Cameron},
  year={2010}
}
@inproceedings{cervi2013comparing,
  title={Comparing the reputation of researchers using a profile model and scientific metrics},
  author={Cervi, Cristiano R and Galante, Renata and Oliveira, Jos{\'e} Palazzo M de},
  booktitle={Proc. of Computational Science and Engineering (CSE), 2013 IEEE 16th International Conference on},
  pages={353--359},
  year={2013},
}
@inproceedings{castillo2007estimating,
  title={Estimating number of citations using author reputation},
  author={Castillo, Carlos and Donato, Debora and Gionis, Aristides},
  booktitle={Proc. of String processing and information retrieval},
  pages={107--117},
  year={2007},
}
@article{seglen1997impact,
  title={Why the impact factor of journals should not be used for evaluating research},
  author={Seglen, Per O},
  journal={Bmj},
  volume={314},
  number={7079},
  pages={497},
  year={1997},
}
@inproceedings{tang2008topic,
  author    = {Jie Tang and
               Ruoming Jin and
               Jing Zhang},
  title     = {A Topic Modeling Approach and Its Integration into the Random Walk
               Framework for Academic Search},
  booktitle = {Proc. of ICDM},
  pages     = {1055--1060},
  year      = {2008}
}
@inproceedings{gollapalli2011expert,
  author    = {Sujatha Das Gollapalli and
               Prasenjit Mitra and
               C. Lee Giles},
  title     = {Ranking authors in digital libraries},
  booktitle = {Proc. of JCDL},
  pages     = {251--254},
  year      = {2011}
}
@article{wu2009detecting,
  author    = {Hao Wu and
               Yijian Pei and
               Jiang Yu},
  title     = {Detecting academic experts by topic-sensitive link analysis},
  journal   = {Front. Comp. Science in China},
  volume    = {3},
  number    = {4},
  pages     = {445--456},
  year      = {2009},
}
@inproceedings{nie05webobjects,
 author = {Nie, Zaiqing and Zhang, Yuanzhi and Wen, Ji-Rong and Ma, Wei-Ying},
 title = {Object-level Ranking: Bringing Order to Web Objects},
 booktitle = {Proc. of WWW},
 year = {2005},
 pages = {567--574},
}

@inproceedings{page98pagerank,
  author = {Page, L. and Brin, S. and Motwani, R. and Winograd, T.},
  booktitle = {Proc. of WWW},
  pages = {161--172},
  title = {The PageRank citation ranking: Bringing order to the Web},
  year = 1998
}

@Inproceedings {xi04fusion,
    author       = {Wensi Xi and Benyu Zhang and Zheng Chen and Yizhou Lu and Shuicheng Yan and
                    Wei-Ying Ma and Edward Allan Fox},
    booktitle    = {Proc. of WWW},
    pages        = {319-327},
    title        = {Link Fusion: A Unified Link Analysis Framework for Multi-Type Interrelated Data
                    Objects},
    year         = {2004}
}
@inproceedings{weng10twitterrank,
 author = {Weng, Jianshu and Lim, Ee-Peng and Jiang, Jing and He, Qi},
 title = {TwitterRank: Finding Topic-sensitive Influential Twitterers},
 booktitle = {Proc. of WSDM},
 year = {2010},
 pages = {261--270},
} 
@inproceedings{backstrom11social,
 author = {Backstrom, Lars and Leskovec, Jure},
 title = {Supervised Random Walks: Predicting and Recommending Links in Social Networks},
 booktitle = {Proc. of WSDM},
 year = {2011},
 pages = {635--644},
} 
@inproceedings{ye11poi,
 author = {Ye, Mao and Yin, Peifeng and Lee, Wang-Chien and Lee, Dik-Lun},
 title = {Exploiting Geographical Influence for Collaborative Point-of-interest Recommendation},
 booktitle = {Proc. of SIGIR},
 year = {2011},
 pages = {325--334},
} 
@inproceedings{jamali09trustwalker,
 author = {Jamali, Mohsen and Ester, Martin},
 title = {TrustWalker: A Random Walk Model for Combining Trust-based and Item-based Recommendation},
 booktitle = {Proc. of SIGKDD},
 year = {2009},
 pages = {397--406},
}

@inproceedings{ribas2015bigscholar,
 author = {Ribas, Sabir and Ribeiro-Neto, Berthier and de Souza e Silva, Edmundo and Ueda, Alberto Hideki and Ziviani, Nivio},
 title = {Using Reference Groups to Assess Academic Productivity in Computer Science},
 booktitle = {Proc. of WWW},
 year = {2015},
 pages = {603--608}
} 

@inproceedings{konstas2009sigir,
 author = {Konstas, Ioannis and Stathopoulos, Vassilios and Jose, Joemon M.},
 title = {On Social Networks and Collaborative Recommendation},
 booktitle = {Proc. of SIGIR},
 year = {2009},
 pages = {195--202}
} 

@inproceedings{ribas2015ictir_full,
 author = {Ribas, Sabir and Ribeiro-Neto, Berthier and Santos, Rodrygo L.T. and de Souza e Silva, Edmundo and Ueda, Alberto and Ziviani, Nivio},
 title = {Random Walks on the Reputation Graph},
 booktitle = {Proceedings of the 2015 International Conference on The Theory of Information Retrieval},
 series = {ICTIR '15},
 year = {2015},
 isbn = {978-1-4503-3833-2},
 location = {Northampton, Massachusetts, USA},
 pages = {181--190},
 numpages = {10},
 url = {http://doi.acm.org/10.1145/2808194.2809462},
 doi = {10.1145/2808194.2809462},
 acmid = {2809462},
 publisher = {ACM},
 address = {New York, NY, USA},
 keywords = {academic search, random walks, reputation flows},
} 

@inproceedings{ribas2015ictir,
 author = {Sabir Ribas and Berthier Ribeiro-Neto and Rodrygo Santos and Edmundo de Souza e Silva and Alberto Ueda and Nivio Ziviani},
 title = {Random Walks on the Reputation Graph},
 booktitle = {Proc. of ICTIR},
 series = {ICTIR '15},
 year = {2015},
 isbn = {978-1-4503-3833-2},
 location = {Northampton, Massachusetts, USA},
 pages = {181--190},
 numpages = {10},
 url = {http://doi.acm.org/10.1145/2808194.2809462},
 doi = {10.1145/2808194.2809462},
 acmid = {2809462},
 publisher = {ACM},
 address = {New York, NY, USA},
 keywords = {academic search, random walks, reputation flows},
} 
@inproceedings{bakshy2012www,
 author = {Bakshy, Eytan and Rosenn, Itamar and Marlow, Cameron and Adamic, Lada},
 title = {The Role of Social Networks in Information Diffusion},
 booktitle = {Proc. of WWW},
 year = {2012},
 pages = {519--528},
}


@article{hayes2013first,
  title={First links in the Markov chain},
  author={Hayes, Brian and others},
  journal={American Scientist},
  volume={101},
  number={2},
  pages={252},
  year={2013}
}

@article{markov2006example,
  title={An example of statistical investigation of the text Eugene Onegin concerning the connection of samples in chains},
  author={Markov, Andrey A},
  journal={Science in Context},
  volume={19},
  number={04},
  pages={591--600},
  year={2006},
  publisher={Cambridge Univ Press}
}

@article{pearson1905,
  title={The Problem of the Random Walk},
  author={Karl Pearson},
  journal={Nature},
  volume={72},
  pages={342--342},
  year={1905}
}

@article{lda2003,
 author = {Blei, David M. and Ng, Andrew Y. and Jordan, Michael I.},
 title = {Latent Dirichlet Allocation},
 journal = {J. Mach. Learn. Res.},
 issue_date = {3/1/2003},
 volume = {3},
 month = mar,
 year = {2003},
 issn = {1532-4435},
 pages = {993--1022},
 numpages = {30},
 url = {http://dl.acm.org/citation.cfm?id=944919.944937},
 acmid = {944937},
 publisher = {JMLR.org},
} 


@book{adams1995hitchhiker,
  title={The Hitchhiker's Guide to the Galaxy},
  author={Adams, D.},
  isbn={9781417642595},
  url={http://books.google.com/books?id=W-xMPgAACAAJ},
  year={1995},
  publisher={San Val}
}

@inproceedings{mangaravite2016lexr,
  title={The LExR collection for expertise retrieval in academia},
  author={Mangaravite, Vitor and Santos, Rodrygo LT and Ribeiro, Isac S and Gon{\c{c}}alves, Marcos Andr{\'e} and Laender, Alberto HF},
  booktitle={Proceedings of the 39th International ACM SIGIR conference on Research and Development in Information Retrieval},
  pages={721--724},
  year={2016},
  organization={ACM}
}

@inproceedings{mangaravite2016information,
  title={On information-theoretic document-person associations for expert search in academia},
  author={Mangaravite, Vitor and Santos, Rodrygo LT},
  booktitle={Proceedings of the 39th International ACM SIGIR conference on Research and Development in Information Retrieval},
  pages={925--928},
  year={2016},
  organization={ACM}
}

@inproceedings{nezhadbiglari2016early,
  title={Early Prediction of Scholar Popularity},
  author={Nezhadbiglari, Masoumeh and Gon{\c{c}}alves, Marcos Andr{\'e} and Almeida, Jussara M},
  booktitle={Proceedings of the 16th ACM/IEEE-CS on Joint Conference on Digital Libraries},
  pages={181--190},
  year={2016},
  organization={ACM}
}

@article{lima2015assessing,
  title={Assessing the profile of top Brazilian computer science researchers},
  author={Lima, Harlley and Silva, Thiago HP and Moro, Mirella M and Santos, Rodrygo LT and Meira Jr, Wagner and Laender, Alberto HF},
  journal={Scientometrics},
  volume={103},
  number={3},
  pages={879--896},
  year={2015},
  publisher={Springer}
}

@inproceedings{figueira2015impact,
  title={On the Impact of Academic Factors on Scholar Popularity: A Cross-Area Study},
  author={Figueira, Pablo and Pacheco, Gabriel and Almeida, Jussara M and Gon{\c{c}}alves, Marcos A},
  booktitle={International Conference on Theory and Practice of Digital Libraries},
  pages={139--152},
  year={2015},
  organization={Springer}
}

@inproceedings{gonccalves2016dissecting,
  title={Dissecting a Scholar Popularity Ranking into Different Knowledge Areas},
  author={Gon{\c{c}}alves, Marcos A},
  booktitle={Research and Advanced Technology for Digital Libraries: 20th International Conference on Theory and Practice of Digital Libraries, TPDL 2016, Hannover, Germany, September 5--9, 2016, Proceedings},
  volume={9819},
  pages={253},
  year={2016},
  organization={Springer}
}

@article{silva2016impact,
  title={The Impact of Academic Mobility on the Quality of Graduate Programs},
  author={Silva, Thiago HP and Laender, Alberto HF and Davis Jr, Clodoveu A and da Silva, Ana Paula Couto and Moro, Mirella M},
  journal={D-Lib Magazine},
  volume={22},
  number={9/10},
  year={2016},
  publisher={Corporation for National Research Initiatives}
}

@article{benevenuto2016h,
  title={The H-index paradox: your coauthors have a higher H-index than you do},
  author={Benevenuto, Fabr{\'\i}cio and Laender, Alberto HF and Alves, Bruno L},
  journal={Scientometrics},
  volume={106},
  number={1},
  pages={469--474},
  year={2016},
  publisher={Springer}
}

@inproceedings{dores2016extracting,
  title={Extracting Academic Genealogy Trees from the Networked Digital Library of Theses and Dissertations},
  author={Dores, Wellington and Benevenuto, Fabr{\'\i}cio and Laender, Alberto HF},
  booktitle={Proceedings of the 16th ACM/IEEE-CS on Joint Conference on Digital Libraries},
  pages={163--166},
  year={2016},
  organization={ACM}
}

@article{benevenuto2016connected,
  title={How Connected are the ACM SIG Communities?},
  author={Benevenuto, Fabricio and Laender, Alberto HF and Alves, Bruno L},
  journal={ACM SIGMOD Record},
  volume={44},
  number={4},
  pages={57--63},
  year={2016},
  publisher={ACM}
}

@inproceedings{delgado2014preliminary,
  title={A Preliminary Analysis of the Scientific Production of Latin American Computer Science Research Groups.},
  author={Delgado-Garcia, Juan F and Laender, Alberto HF and Meira Jr, Wagner},
  booktitle={AMW},
  year={2014}
}

@inproceedings{delgado2014analyzing,
  title={Analyzing the Coauthorship Networks of Latin American Computer Science Research Groups},
  author={Delgado-Garcia, Juan F and Laender, Alberto HF and Meira, Wagner},
  booktitle={Web Congress (LA-WEB), 2014 9th Latin American},
  pages={77--81},
  year={2014},
  organization={IEEE}
}

@inproceedings{ribeiro2015tag,
  title={On tag recommendation for expertise profiling: A case study in the scientific domain},
  author={Ribeiro, Isac S and Santos, Rodrygo LT and Gon{\c{c}}alves, Marcos A and Laender, Alberto HF},
  booktitle={Proceedings of the Eighth ACM International Conference on Web Search and Data Mining},
  pages={189--198},
  year={2015},
  organization={ACM}
}


@inproceedings{gkorou2013leveraging,
  title={Leveraging node properties in random walks for robust reputations in decentralized networks},
  author={Gkorou, Dimitra and Vink{\'o}, Tam{\'a}s and Pouwelse, Johan and Epema, Dick},
  booktitle={IEEE P2P 2013 Proceedings},
  pages={1--10},
  year={2013},
  organization={IEEE}
}

@article{vardi2016academic,
  title={Academic rankings considered harmful!},
  author={Vardi, Moshe Y},
  journal={Communications of the ACM},
  volume={59},
  number={9},
  pages={5--5},
  year={2016},
  publisher={ACM}
}

@article{staff2016learn,
  title={Learn to live with academic rankings},
  author={Staff, CACM},
  journal={Communications of the ACM},
  volume={59},
  number={11},
  pages={8--9},
  year={2016},
  publisher={ACM}
}

@inproceedings{hamedani2016simrank,
  title={SimRank and its variants in academic literature data: measures and evaluation},
  author={Hamedani, Masoud Reyhani and Kim, Sang-Wook},
  booktitle={Proceedings of the 31st Annual ACM Symposium on Applied Computing},
  pages={1102--1107},
  year={2016},
  organization={ACM}
}

@article{yu2012reputation,
  title={Reputation Based Academic Evaluation in a Research Platform},
  author={Yu, Kun and Chen, Jianhong},
  journal={Journal of Software},
  volume={7},
  number={12},
  pages={2749--2754},
  year={2012}
}

@article{boongoen2011fuzzy,
  title={Fuzzy qualitative link analysis for academic performance evaluation},
  author={Boongoen, Tossapon and Shen, Qiang and Price, Chris},
  journal={International Journal of Uncertainty, Fuzziness and Knowledge-Based Systems},
  volume={19},
  number={03},
  pages={559--585},
  year={2011},
  publisher={World Scientific}
}

@article{franceschini2011structured,
  title={Structured evaluation of the scientific output of academic research groups by recent h-based indicators},
  author={Franceschini, Fiorenzo and Maisano, Domenico},
  journal={Journal of Informetrics},
  volume={5},
  number={1},
  pages={64--74},
  year={2011},
  publisher={Elsevier}
}

@inproceedings{classen2015distributed,
  title={A Distributed Reputation System for Certification Authority Trust Management},
  author={Classen, Jiska and Braun, Johannes and Volk, Florian and Hollick, Matthias and Buchmann, Johannes and M{\"u}hlh{\"a}user, Max},
  booktitle={Trustcom/BigDataSE/ISPA, 2015 IEEE},
  volume={1},
  pages={1349--1356},
  year={2015},
  organization={IEEE}
}

@inproceedings{dhanjal2014learning,
  title={Learning reputation in an authorship network},
  author={Dhanjal, Charanpal and Cl{\'e}men{\c{c}}on, St{\'e}phan},
  booktitle={Proceedings of the 29th Annual ACM Symposium on Applied Computing},
  pages={1724--1726},
  year={2014},
  organization={ACM}
}

@inproceedings{castillo2007estimating,
  title={Estimating number of citations using author reputation},
  author={Castillo, Carlos and Donato, Debora and Gionis, Aristides},
  booktitle={International Symposium on String Processing and Information Retrieval},
  pages={107--117},
  year={2007},
  organization={Springer}
}

@article{garcia2016another,
  title={Another brick in the wall: a new ranking of academic journals in Economics using FDH},
  author={Garc{\'\i}a-Romero, Antonio and Sant{\'\i}n, Daniel and Sicilia, Gabriela},
  journal={Scientometrics},
  volume={107},
  number={1},
  pages={91--101},
  year={2016},
  publisher={Springer}
}

@inproceedings{liang2016scientific,
  title={Scientific Ranking over Heterogeneous Academic Hypernetwork},
  author={Liang, Ronghua and Jiang, Xiaorui},
  booktitle={Thirtieth AAAI Conference on Artificial Intelligence},
  year={2016}
}

@inproceedings{classen2015distributed,
  title={A Distributed Reputation System for Certification Authority Trust Management},
  author={Classen, Jiska and Braun, Johannes and Volk, Florian and Hollick, Matthias and Buchmann, Johannes and M{\"u}hlh{\"a}user, Max},
  booktitle={Trustcom/BigDataSE/ISPA, 2015 IEEE},
  volume={1},
  pages={1349--1356},
  year={2015},
  organization={IEEE}
}

@article{pradhan2016c,
  title={C3-index: A PageRank based multi-faceted metric for authors' performance measurement},
  author={Pradhan, Dinesh and Paul, Partha Sarathi and Maheswari, Umesh and Nandi, Subrata and Chakraborty, Tanmoy},
  journal={arXiv preprint arXiv:1610.07061},
  year={2016}
}

@inproceedings{kim2016exploring,
  title={Exploring the Leading Authors and Journals in Major Topics by Citation Sentences and Topic Modeling.},
  author={Kim, Ha Jin and An, Juyoung and Jeong, Yoo Kyung and Song, Min},
  booktitle={BIRNDL@ JCDL},
  pages={42--50},
  year={2016}
}

@article{sastry2016author,
  title={Author ranking in multi-author collaborative networks},
  author={Sastry, Chandramouli Shama and Jagaluru, Darshan S and Mahesh, Kavi},
  journal={Collnet Journal of Scientometrics and Information Management},
  volume={10},
  number={1},
  pages={21--40},
  year={2016},
  publisher={Taylor \& Francis}
}

@inproceedings{delaviz2010improving,
  title={Improving accuracy and coverage in an internet-deployed reputation mechanism},
  author={Delaviz, Rahim and Andrade, Nazareno and Pouwelse, Johan A},
  booktitle={2010 IEEE Tenth International Conference on Peer-to-Peer Computing (P2P)},
  pages={1--9},
  year={2010},
  organization={IEEE}
}

@article{pouwelse2008tribler,
  title={Tribler: A social-based peer-to-peer system},
  author={Pouwelse, Johan A and Garbacki, Pawel and Wang, Jun and Bakker, Arno and Yang, Jie and Iosup, Alexandru and Epema, Dick HJ and Reinders, Marcel and Van Steen, Maarten R and Sips, Henk J and others},
  journal={Concurrency and computation: Practice and experience},
  volume={20},
  number={2},
  pages={127},
  year={2008},
  publisher={Citeseer}
}

@inproceedings{viswanath2009evolution,
  title={On the evolution of user interaction in facebook},
  author={Viswanath, Bimal and Mislove, Alan and Cha, Meeyoung and Gummadi, Krishna P},
  booktitle={Proceedings of the 2nd ACM workshop on Online social networks},
  pages={37--42},
  year={2009},
  organization={ACM}
}

@inproceedings{jeh2002simrank,
  title={SimRank: a measure of structural-context similarity},
  author={Jeh, Glen and Widom, Jennifer},
  booktitle={Proceedings of the eighth ACM SIGKDD international conference on Knowledge discovery and data mining},
  pages={538--543},
  year={2002},
  organization={ACM}
}
